<?xml version="1.0" encoding="UTF-8"?><collection xmlns="http://www.loc.gov/MARC21/slim"><record><leader>00416nam--2200133-i-4500</leader><controlfield tag="001">000011047</controlfield><controlfield tag="002">20161230</controlfield><controlfield tag="005">20161230201029</controlfield><controlfield tag="008">060222s1000------------r-----000-0-eng-d</controlfield><datafield ind1=" " ind2=" " tag="080"><subfield code="a">539.2(O47.1):537.633.2(047)</subfield></datafield><datafield ind1=" " ind2=" " tag="245"><subfield code="a">Transport properties of li-compensated gallium antimonide</subfield></datafield><datafield ind1=" " ind2=" " tag="260"><subfield code="a">Rio De Janeiro, Centro Brasilieiro De Pesquisas Fisicas,1973</subfield></datafield><datafield ind1=" " ind2=" " tag="490"><subfield code="a">Notas De Fisica, Vol.Xxi,Numero 9</subfield></datafield><datafield ind1=" " ind2=" " tag="852"><subfield code="a">1393O</subfield></datafield></record></collection>